%% This BibTeX bibliography file was created using BibDesk.
%% http://bibdesk.sourceforge.net/


%% Created for Chris Mulligan at 2015-12-18 13:48:30 -0500 


%% Saved with string encoding Unicode (UTF-8) 



@url{pyfnnd,
	Author = {Alistair Muldal},
	Date-Added = {2015-12-18 18:44:55 +0000},
	Date-Modified = {2015-12-18 18:48:01 +0000},
	Title = {{PyFNND}: A Python implementation of fast non-negative deconvolution},
	Url = {https://github.com/alimuldal/PyFNND}}

@article{Gewaltig:NEST,
	Author = {Marc-Oliver Gewaltig and Markus Diesmann},
	Date-Added = {2015-12-18 18:42:20 +0000},
	Date-Modified = {2015-12-18 18:42:20 +0000},
	Journal = {Scholarpedia},
	Number = {4},
	Pages = {1430},
	Title = {NEST (NEural Simulation Tool)},
	Volume = {2},
	Year = {2007}}

@article{nasser2013enas,
	Author = {Nasser, Hassan and Kraria, Selim and Cessac, Bruno},
	Date-Added = {2015-12-18 18:18:48 +0000},
	Date-Modified = {2015-12-18 18:18:48 +0000},
	Journal = {BMC Neuroscience},
	Number = {Suppl 1},
	Pages = {P57},
	Publisher = {BioMed Central Ltd},
	Title = {EnaS: a new software for neural population analysis in large scale spiking networks},
	Volume = {14},
	Year = {2013}}

@article{ermics2015link,
	Author = {Ermi{\c{s}}, Beyza and Acar, Evrim and Cemgil, A Taylan},
	Date-Added = {2015-12-18 17:22:53 +0000},
	Date-Modified = {2015-12-18 17:22:53 +0000},
	Journal = {Data Mining and Knowledge Discovery},
	Number = {1},
	Pages = {203--236},
	Publisher = {Springer},
	Title = {Link prediction in heterogeneous data via generalized coupled tensor factorization},
	Volume = {29},
	Year = {2015}}

@article{cemgil2009bayesian,
	Author = {Cemgil, Ali Taylan},
	Date-Added = {2015-12-18 17:19:34 +0000},
	Date-Modified = {2015-12-18 17:19:34 +0000},
	Journal = {Computational Intelligence and Neuroscience},
	Publisher = {Hindawi Publishing Corporation},
	Title = {Bayesian inference for nonnegative matrix factorisation models},
	Volume = {2009},
	Year = {2009}}

@inproceedings{kolda2008scalable,
	Author = {Kolda, Tamara G and Sun, Jimeng},
	Booktitle = {Data Mining, 2008. ICDM'08. Eighth IEEE International Conference on},
	Date-Added = {2015-12-18 16:43:43 +0000},
	Date-Modified = {2015-12-18 16:43:43 +0000},
	Organization = {IEEE},
	Pages = {363--372},
	Title = {Scalable tensor decompositions for multi-aspect data mining},
	Year = {2008}}

@incollection{NIPS2000_1861,
	Author = {Daniel D. Lee and Seung, H. Sebastian},
	Booktitle = {Advances in Neural Information Processing Systems 13},
	Date-Added = {2015-12-18 16:00:40 +0000},
	Date-Modified = {2015-12-18 16:00:40 +0000},
	Editor = {T.K. Leen and T.G. Dietterich and V. Tresp},
	Pages = {556--562},
	Publisher = {MIT Press},
	Title = {Algorithms for Non-negative Matrix Factorization},
	Url = {http://papers.nips.cc/paper/1861-algorithms-for-non-negative-matrix-factorization.pdf},
	Year = {2001},
	Bdsk-Url-1 = {http://papers.nips.cc/paper/1861-algorithms-for-non-negative-matrix-factorization.pdf}}

@article{paninski2004maximum,
	Author = {Paninski, Liam},
	Date-Added = {2015-12-18 15:50:09 +0000},
	Date-Modified = {2015-12-18 15:50:09 +0000},
	Journal = {Network: Computation in Neural Systems},
	Number = {4},
	Pages = {243--262},
	Publisher = {Informa UK Ltd UK},
	Title = {Maximum likelihood estimation of cascade point-process neural encoding models},
	Volume = {15},
	Year = {2004}}

@conference{friedrich2015,
	Author = {Johannes Friedrich, and Daniel Soudry, and Yu Mu, and Jeremy Freeman, and Misha Ahrens, and Liam Paninski},
	Booktitle = {Poster at: Statistical Methods for Understanding Neural Systems},
	Date-Added = {2015-12-18 14:12:16 +0000},
	Date-Modified = {2015-12-18 16:18:13 +0000},
	Howpublished = {Poster},
	Title = {Fast Constrained Non-negative Matrix Factorization for Whole-Brain Calcium Imaging Data},
	Year = {2015}}

@conference{rudolph2015,
	Author = {Maja Rudolph and David Blei},
	Booktitle = {Poster at: Statistical Methods for Understanding Neural Systems},
	Date-Added = {2015-12-18 14:08:21 +0000},
	Date-Modified = {2015-12-18 14:14:07 +0000},
	Howpublished = {Poster},
	Title = {The Dirichlet-Gamma Filter for Discovery of Neural Ensembles and their Temporal Dynamics},
	Year = {2015}}

@article{perkel1967neuronal,
	Author = {Perkel, Donald H and Gerstein, George L and Moore, George P},
	Date-Added = {2015-12-18 13:54:52 +0000},
	Date-Modified = {2015-12-18 13:54:52 +0000},
	Journal = {Biophysical journal},
	Number = {4},
	Pages = {419--440},
	Publisher = {Elsevier},
	Title = {Neuronal spike trains and stochastic point processes: II. Simultaneous spike trains},
	Volume = {7},
	Year = {1967}}

@article{kaminski2001evaluating,
	Author = {Kami{\'n}ski, Maciej and Ding, Mingzhou and Truccolo, Wilson A and Bressler, Steven L},
	Date-Added = {2015-12-18 13:51:06 +0000},
	Date-Modified = {2015-12-18 13:51:06 +0000},
	Journal = {Biological cybernetics},
	Number = {2},
	Pages = {145--157},
	Publisher = {Springer},
	Title = {Evaluating causal relations in neural systems: Granger causality, directed transfer function and statistical assessment of significance},
	Volume = {85},
	Year = {2001}}

@webpage{neuralsysnips,
	Date-Added = {2015-12-18 13:42:33 +0000},
	Date-Modified = {2015-12-18 13:43:21 +0000},
	Lastchecked = {Friday, December 18, 2015},
	Title = {Statistical Methods for Understanding Neural Systems},
	Url = {https://users.soe.ucsc.edu/~afletcher/neuralsysnips.html},
	Bdsk-Url-1 = {https://users.soe.ucsc.edu/~afletcher/neuralsysnips.html}}

@inproceedings{zhang2007binary,
	Author = {Zhang, Zhongyuan and Ding, Chris and Li, Tao and Zhang, Xiangsun},
	Booktitle = {Data Mining, 2007. ICDM 2007. Seventh IEEE International Conference on},
	Date-Added = {2015-12-18 13:41:14 +0000},
	Date-Modified = {2015-12-18 13:41:14 +0000},
	Organization = {IEEE},
	Pages = {391--400},
	Title = {Binary matrix factorization with applications},
	Year = {2007},
	Bdsk-Url-1 = {http://users.cis.fiu.edu/~taoli/pub/icdm07-binary.pdf}}

@inproceedings{liang2013beta,
	Author = {Liang, Dawen and Hoffman, Matthew D and Ellis, Daniel PW},
	Booktitle = {ISMIR},
	Date-Added = {2015-12-18 13:40:05 +0000},
	Date-Modified = {2015-12-18 13:40:05 +0000},
	Pages = {375--380},
	Title = {Beta Process Sparse Nonnegative Matrix Factorization for Music.},
	Year = {2013},
	Bdsk-Url-1 = {http://dawenl.github.io/publications/LiangHE13-beta.pdf}}

@inproceedings{salakhutdinov2008bayesian,
	Author = {Salakhutdinov, Ruslan and Mnih, Andriy},
	Booktitle = {Proceedings of the 25th international conference on Machine learning},
	Date-Added = {2015-12-18 13:32:30 +0000},
	Date-Modified = {2015-12-18 13:32:30 +0000},
	Organization = {ACM},
	Pages = {880--887},
	Title = {Bayesian probabilistic matrix factorization using Markov chain Monte Carlo},
	Year = {2008},
	Bdsk-Url-1 = {http://www.cs.toronto.edu/~rsalakhu/papers/bpmf.pdf}}

@phdthesis{mohamed2011generalised,
	Author = {Mohamed, Shakir},
	Date-Added = {2015-12-18 12:37:47 +0000},
	Date-Modified = {2015-12-18 18:48:30 +0000},
	Keywords = {qq},
	School = {University of Cambridge},
	Title = {Generalised Bayesian matrix factorisation models},
	Year = {2011}}

@inproceedings{blei2010bayesian,
	Author = {Blei, David M and Cook, Perry R and Hoffman, Matthew},
	Booktitle = {Proceedings of the 27th International Conference on Machine Learning (ICML-10)},
	Date-Added = {2015-12-18 12:35:24 +0000},
	Date-Modified = {2015-12-18 12:35:24 +0000},
	Pages = {439--446},
	Title = {Bayesian nonparametric matrix factorization for recorded music},
	Year = {2010},
	Bdsk-Url-1 = {http://soundlab.cs.princeton.edu/publications/2010_icml_gapnmf.pdf}}

@inproceedings{buesing2014clustered,
	Author = {Buesing, Lars and Machado, Timothy A and Cunningham, John P and Paninski, Liam},
	Booktitle = {Advances in Neural Information Processing Systems},
	Date-Added = {2015-12-15 00:02:27 +0000},
	Date-Modified = {2015-12-15 00:02:27 +0000},
	Pages = {3500--3508},
	Title = {Clustered factor analysis of multineuronal spike data},
	Year = {2014},
	Bdsk-File-1 = {YnBsaXN0MDDUAQIDBAUGJCVYJHZlcnNpb25YJG9iamVjdHNZJGFyY2hpdmVyVCR0b3ASAAGGoKgHCBMUFRYaIVUkbnVsbNMJCgsMDxJXTlMua2V5c1pOUy5vYmplY3RzViRjbGFzc6INDoACgAOiEBGABIAFgAdccmVsYXRpdmVQYXRoWWFsaWFzRGF0YV8QH2JpYmxpby9OSVBTX0J1ZXNpbmdFVEFMMjAxNC5wZGbSFwsYGVdOUy5kYXRhTxECMgAAAAACMgACAAAMTWFjaW50b3NoIEhEAAAAAAAAAAAAAAAAAAAAz9PyhkgrAAADCy0JGE5JUFNfQnVlc2luZ0VUQUwyMDE0LnBkZgAAAAAAAAAAAAAAAAAAAAAAAAAAAAAAAAAAAAAAAAAAAAAAAAAAAAMLg2PQYd2zAAAAAAAAAAAAAQADAAAJIAAAAAAAAAAAAAAAAAAAAAZiaWJsaW8AEAAIAADP1CrGAAAAEQAIAADQYhXzAAAAAQAkAwstCQMG5dADAcO2AkubvAAPmeMADeyIAAk15wAJNeYAAmb5AAIAfU1hY2ludG9zaCBIRDpVc2VyczoAY2htdWxsaWc6AERvY3VtZW50czoAQ29sdW1iaWE6AEN1cnJlbnQgQ2xhc3NlczoATmV1cmFsOgB0ZW5zaWZ5OgByZXBvcnQ6AGJpYmxpbzoATklQU19CdWVzaW5nRVRBTDIwMTQucGRmAAAOADIAGABOAEkAUABTAF8AQgB1AGUAcwBpAG4AZwBFAFQAQQBMADIAMAAxADQALgBwAGQAZgAPABoADABNAGEAYwBpAG4AdABvAHMAaAAgAEgARAASAGdVc2Vycy9jaG11bGxpZy9Eb2N1bWVudHMvQ29sdW1iaWEvQ3VycmVudCBDbGFzc2VzL05ldXJhbC90ZW5zaWZ5L3JlcG9ydC9iaWJsaW8vTklQU19CdWVzaW5nRVRBTDIwMTQucGRmAAATAAEvAAAVAAIAD///AACABtIbHB0eWiRjbGFzc25hbWVYJGNsYXNzZXNdTlNNdXRhYmxlRGF0YaMdHyBWTlNEYXRhWE5TT2JqZWN00hscIiNcTlNEaWN0aW9uYXJ5oiIgXxAPTlNLZXllZEFyY2hpdmVy0SYnVHJvb3SAAQAIABEAGgAjAC0AMgA3AEAARgBNAFUAYABnAGoAbABuAHEAcwB1AHcAhACOALAAtQC9AvMC9QL6AwUDDgMcAyADJwMwAzUDQgNFA1cDWgNfAAAAAAAAAgEAAAAAAAAAKAAAAAAAAAAAAAAAAAAAA2E=}}

@article{mishchencko2011bayesian,
	Abstract = {Mishchencko et al. (2011) proposed a L1-regularized state-space model to detect functional connectiviy on calcium fluorescent imaging data. },
	Author = {Mishchencko, Yuriy and Vogelstein, Joshua T and Paninski, Liam},
	Date-Added = {2015-12-14 22:03:34 +0000},
	Date-Modified = {2015-12-14 22:03:45 +0000},
	Journal = {The Annals of Applied Statistics},
	Pages = {1229--1261},
	Publisher = {JSTOR},
	Title = {A Bayesian approach for inferring neuronal connectivity from calcium fluorescent imaging data},
	Year = {2011}}

@article{chen2011statistical,
	Abstract = {Chen et al. (2010) compared L1, L2 and hierarchical variational Bayesian methods with respect to their performance in detecting interactions. },
	Author = {Chen, Zhe and Putrino, David F and Ghosh, Soumya and Barbieri, Riccardo and Brown, Emery N},
	Date-Added = {2015-12-14 22:02:50 +0000},
	Date-Modified = {2015-12-14 22:03:00 +0000},
	Journal = {Neural Systems and Rehabilitation Engineering, IEEE Transactions on},
	Number = {2},
	Pages = {121--135},
	Publisher = {IEEE},
	Title = {Statistical inference for assessing functional connectivity of neuronal ensembles with sparse spiking data},
	Volume = {19},
	Year = {2011}}

@inproceedings{kelly2010accounting,
	Abstract = {Kelly et al. (2010) used a L1-regularized Poisson model to study neuronal network in V1 data. },
	Author = {Kelly, Ryan and Smith, Matthew and Kass, Robert and Lee, Tai S},
	Booktitle = {Advances in neural information processing systems},
	Date-Added = {2015-12-14 22:02:09 +0000},
	Date-Modified = {2015-12-14 22:02:22 +0000},
	Pages = {1099--1107},
	Title = {Accounting for network effects in neuronal responses using L1 regularized point process models},
	Year = {2010}}

@article{stevenson2009bayesian,
	Author = {Stevenson, Ian H and Rebesco, James M and Hatsopoulos, Nicholas G and Haga, Zach and Miller, Lee E and K{\"o}rding, Konrad P},
	Date-Added = {2015-12-14 22:01:29 +0000},
	Date-Modified = {2015-12-14 22:01:29 +0000},
	Journal = {Neural Systems and Rehabilitation Engineering, IEEE Transactions on},
	Number = {3},
	Pages = {203--213},
	Publisher = {IEEE},
	Title = {Bayesian inference of functional connectivity and network structure from spikes},
	Volume = {17},
	Year = {2009}}

@article{zhao20121,
	Author = {Zhao, Mengyuan and Batista, Aaron and Cunningham, John P and Chestek, Cynthia and Rivera-Alvidrez, Zuley and Kalmar, Rachel and Ryu, Stephen and Shenoy, Krishna and Iyengar, Satish},
	Date-Added = {2015-12-14 22:00:09 +0000},
	Date-Modified = {2015-12-14 22:00:09 +0000},
	Journal = {Journal of computational neuroscience},
	Number = {3},
	Pages = {479--497},
	Publisher = {Springer},
	Title = {An L 1-regularized logistic model for detecting short-term neuronal interactions},
	Volume = {32},
	Year = {2012}}

@inproceedings{schein2015bayesian,
	Author = {Schein, Aaron and Paisley, John and Blei, David M and Wallach, Hanna},
	Booktitle = {Proceedings of the 21th ACM SIGKDD International Conference on Knowledge Discovery and Data Mining},
	Date-Added = {2015-12-14 21:43:05 +0000},
	Date-Modified = {2015-12-14 21:43:05 +0000},
	Organization = {ACM},
	Pages = {1045--1054},
	Title = {Bayesian Poisson Tensor Factorization for Inferring Multilateral Relations from Sparse Dyadic Event Counts},
	Year = {2015}}

@article{pillow2008spatio,
	Author = {Pillow, Jonathan W and Shlens, Jonathon and Paninski, Liam and Sher, Alexander and Litke, Alan M and Chichilnisky, EJ and Simoncelli, Eero P},
	Date-Added = {2015-12-14 21:42:04 +0000},
	Date-Modified = {2015-12-14 21:42:33 +0000},
	Doi = {doi:10.1038/nature07140},
	Journal = {Nature},
	Number = {7207},
	Pages = {995--999},
	Publisher = {Nature Publishing Group},
	Title = {Spatio-temporal correlations and visual signalling in a complete neuronal population},
	Volume = {454},
	Year = {2008},
	Bdsk-Url-1 = {http://dx.doi.org/10.1038/nature07140}}

@article{stetter2012model,
	Author = {Stetter, Olav and Battaglia, Demian and Soriano, Jordi and Geisel, Theo},
	Date-Added = {2015-12-14 21:37:27 +0000},
	Date-Modified = {2015-12-14 21:37:27 +0000},
	Journal = {PLoS Comput. Biol},
	Number = {8},
	Pages = {e1002653},
	Title = {Model-free reconstruction of excitatory neuronal connectivity from calcium imaging signals},
	Volume = {8},
	Year = {2012}}

@article{linderman2015scalable,
	Author = {Linderman, Scott W and Adams, Ryan P},
	Date-Added = {2015-12-14 21:35:15 +0000},
	Date-Modified = {2015-12-14 21:35:15 +0000},
	Journal = {arXiv preprint arXiv:1507.03228},
	Title = {Scalable Bayesian Inference for Excitatory Point Process Networks},
	Year = {2015},
	Bdsk-File-1 = {YnBsaXN0MDDUAQIDBAUGJCVYJHZlcnNpb25YJG9iamVjdHNZJGFyY2hpdmVyVCR0b3ASAAGGoKgHCBMUFRYaIVUkbnVsbNMJCgsMDxJXTlMua2V5c1pOUy5vYmplY3RzViRjbGFzc6INDoACgAOiEBGABIAFgAdccmVsYXRpdmVQYXRoWWFsaWFzRGF0YV8QFmJpYmxpby8xNDAyLjA5MTR2MS5wZGbSFwsYGVdOUy5kYXRhTxECDAAAAAACDAACAAAMTWFjaW50b3NoIEhEAAAAAAAAAAAAAAAAAAAAz9PyhkgrAAADCy0JDzE0MDIuMDkxNHYxLnBkZgAAAAAAAAAAAAAAAAAAAAAAAAAAAAAAAAAAAAAAAAAAAAAAAAAAAAAAAAAAAAAAAAMLLQ7PGEyWAAAAAAAAAAAAAQADAAAJIAAAAAAAAAAAAAAAAAAAAAZiaWJsaW8AEAAIAADP1CrGAAAAEQAIAADPGJLmAAAAAQAkAwstCQMG5dADAcO2AkubvAAPmeMADeyIAAk15wAJNeYAAmb5AAIAdE1hY2ludG9zaCBIRDpVc2VyczoAY2htdWxsaWc6AERvY3VtZW50czoAQ29sdW1iaWE6AEN1cnJlbnQgQ2xhc3NlczoATmV1cmFsOgB0ZW5zaWZ5OgByZXBvcnQ6AGJpYmxpbzoAMTQwMi4wOTE0djEucGRmAA4AIAAPADEANAAwADIALgAwADkAMQA0AHYAMQAuAHAAZABmAA8AGgAMAE0AYQBjAGkAbgB0AG8AcwBoACAASABEABIAXlVzZXJzL2NobXVsbGlnL0RvY3VtZW50cy9Db2x1bWJpYS9DdXJyZW50IENsYXNzZXMvTmV1cmFsL3RlbnNpZnkvcmVwb3J0L2JpYmxpby8xNDAyLjA5MTR2MS5wZGYAEwABLwAAFQACAA///wAAgAbSGxwdHlokY2xhc3NuYW1lWCRjbGFzc2VzXU5TTXV0YWJsZURhdGGjHR8gVk5TRGF0YVhOU09iamVjdNIbHCIjXE5TRGljdGlvbmFyeaIiIF8QD05TS2V5ZWRBcmNoaXZlctEmJ1Ryb290gAEACAARABoAIwAtADIANwBAAEYATQBVAGAAZwBqAGwAbgBxAHMAdQB3AIQAjgCnAKwAtALEAsYCywLWAt8C7QLxAvgDAQMGAxMDFgMoAysDMAAAAAAAAAIBAAAAAAAAACgAAAAAAAAAAAAAAAAAAAMy}}

@article{vogelstein2010fast,
	Author = {Vogelstein, Joshua T and Packer, Adam M and Machado, Timothy A and Sippy, Tanya and Babadi, Baktash and Yuste, Rafael and Paninski, Liam},
	Date-Added = {2015-12-14 21:34:18 +0000},
	Date-Modified = {2015-12-14 21:34:18 +0000},
	Journal = {Journal of neurophysiology},
	Number = {6},
	Pages = {3691--3704},
	Publisher = {Am Physiological Soc},
	Title = {Fast nonnegative deconvolution for spike train inference from population calcium imaging},
	Volume = {104},
	Year = {2010}}
